<?xml version="1.0" encoding="UTF-8"?><collection xmlns="http://www.loc.gov/MARC21/slim"><record><leader>00680nam--2200229-u-4500</leader><controlfield tag="001">000050777</controlfield><controlfield tag="002">20161230</controlfield><controlfield tag="005">20161230201048</controlfield><controlfield tag="008">080403s1000------------r-----000-0-eng-d</controlfield><datafield ind1=" " ind2=" " tag="020"><subfield code="a">978-0-19-856633-5</subfield></datafield><datafield ind1=" " ind2=" " tag="040"><subfield code="a">IFIN-HH</subfield></datafield><datafield ind1=" " ind2=" " tag="080"><subfield code="a">530.14:538.9</subfield></datafield><datafield ind1="1" ind2=" " tag="100"><subfield code="a">Bruus, Henrik</subfield></datafield><datafield ind1="1" ind2="0" tag="245"><subfield code="a">Many-Body Quantum Theory in Condensed Matter Physics</subfield><subfield code="b">An Introduction</subfield><subfield code="c">Henrik Bruus; Karsten Flensberg</subfield></datafield><datafield ind1=" " ind2=" " tag="260"><subfield code="a">Oxford</subfield><subfield code="b">Oxford University Press</subfield><subfield code="c">2004</subfield></datafield><datafield ind1=" " ind2=" " tag="300"><subfield code="a">435 p</subfield></datafield><datafield ind1=" " ind2=" " tag="490"><subfield code="a">Oxford Graduate Texts</subfield></datafield><datafield ind1=" " ind2=" " tag="504"><subfield code="a">Includes Index</subfield></datafield><datafield ind1=" " ind2="4" tag="650"><subfield code="a">First and Second Quantization</subfield></datafield><datafield ind1="1" ind2=" " tag="700"><subfield code="a">Flensberg, Karsten</subfield></datafield><datafield ind1=" " ind2=" " tag="852"><subfield code="a">82007</subfield><subfield code="c">530.145</subfield></datafield><datafield ind1=" " ind2=" " tag="CAT"><subfield code="a">Sys</subfield><subfield code="c">20110404</subfield><subfield code="h">145530</subfield></datafield></record></collection>